<?xml version="1.0" encoding="UTF-8"?><collection xmlns="http://www.loc.gov/MARC21/slim"><record><leader>00470nam--2200181-i-4500</leader><controlfield tag="001">000027925</controlfield><controlfield tag="002">20161230</controlfield><controlfield tag="005">20161230201037</controlfield><controlfield tag="008">060222s1000------------r-----000-0-eng-d</controlfield><datafield ind1=" " ind2=" " tag="040"><subfield code="a">IFIN-HH</subfield></datafield><datafield ind1=" " ind2=" " tag="080"><subfield code="a">541.28</subfield></datafield><datafield ind1="1" ind2=" " tag="100"><subfield code="a">Ladd, M.F.C</subfield></datafield><datafield ind1="1" ind2="0" tag="245"><subfield code="a">Elementary practical radiochemistry</subfield><subfield code="c">M.f.c.ladd, w.h.lee</subfield></datafield><datafield ind1=" " ind2=" " tag="260"><subfield code="a">London</subfield><subfield code="b">Cleaver-hume Press Ltd</subfield><subfield code="c">1964</subfield></datafield><datafield ind1="1" ind2=" " tag="300"><subfield code="a">XII + 135P</subfield></datafield><datafield ind1="1" ind2=" " tag="700"><subfield code="a">Lee, W.H</subfield></datafield><datafield ind1=" " ind2=" " tag="852"><subfield code="a">21118</subfield><subfield code="c">541.15</subfield></datafield><datafield ind1=" " ind2=" " tag="CAT"><subfield code="a">Sys</subfield><subfield code="c">20141028</subfield><subfield code="h">163642</subfield></datafield></record></collection>